
@article{goodman1961,
ajournal = "Ann. Math. Statist.",
author = "Goodman, Leo A.",
doi = "10.1214/aoms/1177705148",
journal = "The Annals of Mathematical Statistics",
month = "03",
number = "1",
pages = "148--170",
publisher = "The Institute of Mathematical Statistics",
title = "Snowball Sampling",
url = "http://dx.doi.org/10.1214/aoms/1177705148",
volume = "32",
year = "1961"
}

@incollection{Maddi,
  author={Maddi, S. R.},
  year= 1968, 
  title = {The pursuit of consistency and variety}, 
  editor = {R. P. Abelson et al}, 
  booktitle= {Theories of
cognitive consistency}, 
  publisher= {Rand McNally},
  address= {Chicago}
}

@incollection{hastie,
  author={Hastie, Trevor and Tibshirani, Robert and Friedman, Jerome},
  year= 2009, 
  title = {Hierarquical Clustering},  
  booktitle= {The elements of statistical learning: data mining, inference and prediction}, 
  publisher= {Springer}
}



@inproceedings{Ziegler:2005,
 author = {Ziegler, Cai-Nicolas and McNee, Sean M. and Konstan, Joseph A. and Lausen, Georg},
 title = {Improving recommendation lists through topic diversification},
 booktitle = {Proceedings of the 14th international conference on World Wide Web},
 series = {WWW '05},
 year = {2005},
 isbn = {1-59593-046-9},
 location = {Chiba, Japan},
 pages = {22--32},
 numpages = {11},
 url = {http://doi.acm.org/10.1145/1060745.1060754},
 doi = {10.1145/1060745.1060754},
 acmid = {1060754},
 publisher = {ACM},
 address = {New York, NY, USA},
 keywords = {accuracy, collaborative filtering, diversification, metrics, recommender systems},
} 

@inproceedings{Zhang:2012,
 author = {Zhang, Yuan Cao and S{\'e}aghdha, Diarmuid \'{O} and Quercia, Daniele and Jambor, Tamas},
 title = {Auralist: introducing serendipity into music recommendation},
 booktitle = {Proceedings of the fifth ACM international conference on Web search and data mining},
 series = {WSDM '12},
 year = {2012},
 isbn = {978-1-4503-0747-5},
 location = {Seattle, Washington, USA},
 pages = {13--22},
 numpages = {10},
 url = {http://doi.acm.org/10.1145/2124295.2124300},
 doi = {10.1145/2124295.2124300},
 acmid = {2124300},
 publisher = {ACM},
 address = {New York, NY, USA},
 keywords = {accuracy, collaborative filtering, diversification, metrics, novelty, recommender systems, serendipity},
} 


@article{Resnick:1997,
 author = {Resnick, Paul and Varian, Hal R.},
 title = {Recommender systems},
 journal = {Commun. ACM},
 issue_date = {March 1997},
 volume = {40},
 number = {3},
 month = mar,
 year = {1997},
 issn = {0001-0782},
 pages = {56--58},
 numpages = {3},
 url = {http://doi.acm.org/10.1145/245108.245121},
 doi = {10.1145/245108.245121},
 acmid = {245121},
 publisher = {ACM},
 address = {New York, NY, USA},
} 

@incollection{pazzani,
year={2007},
isbn={978-3-540-72078-2},
booktitle={The Adaptive Web},
volume={4321},
series={Lecture Notes in Computer Science},
editor={Brusilovsky, Peter and Kobsa, Alfred and Nejdl, Wolfgang},
doi={10.1007/978-3-540-72079-9_10},
title={Content-Based Recommendation Systems},
url={http://dx.doi.org/10.1007/978-3-540-72079-9_10},
publisher={Springer Berlin Heidelberg},
author={Pazzani, MichaelJ. and Billsus, Daniel},
pages={325-341},
language={English}
}


@article{Ekstrand:2011,
 author = {Ekstrand, Michael D. and Riedl, John T. and Konstan, Joseph A.},
 title = {Collaborative Filtering Recommender Systems},
 journal = {Found. Trends Hum.-Comput. Interact.},
 issue_date = {February 2011},
 volume = {4},
 number = {2},
 month = feb,
 year = {2011},
 issn = {1551-3955},
 pages = {81--173},
 numpages = {93},
 url = {http://dx.doi.org/10.1561/1100000009},
 doi = {10.1561/1100000009},
 acmid = {2185828},
 publisher = {Now Publishers Inc.},
 address = {Hanover, MA, USA},
} 


@article{Herlocker:2004,
 author = {Herlocker, Jonathan L. and Konstan, Joseph A. and Terveen, Loren G. and Riedl, John T.},
 title = {Evaluating collaborative filtering recommender systems},
 journal = {ACM Trans. Inf. Syst.},
 issue_date = {January 2004},
 volume = {22},
 number = {1},
 month = jan,
 year = {2004},
 issn = {1046-8188},
 pages = {5--53},
 numpages = {49},
 url = {http://doi.acm.org/10.1145/963770.963772},
 doi = {10.1145/963770.963772},
 acmid = {963772},
 publisher = {ACM},
 address = {New York, NY, USA},
 keywords = {Collaborative filtering, evaluation, metrics, recommender systems},
}

@article{An:2004,
 author = {An, Jisun and Quercia, Daniele and Crowcroft, Jon},
 title = {This paper won't change your mind, but...: Why individuals seek diverse opinions (or why they don't)},
 journal = {Technical Report of the University of Cambridge},
 year = {2012},
}

@inproceedings{McNee:2006,
 author = {McNee, Sean M. and Riedl, John and Konstan, Joseph A.},
 title = {Being accurate is not enough: how accuracy metrics have hurt recommender systems},
 booktitle = {CHI '06 Extended Abstracts on Human Factors in Computing Systems},
 series = {CHI EA '06},
 year = {2006},
 isbn = {1-59593-298-4},
 location = {Montr\&\#233;al, Qu\&\#233;bec, Canada},
 pages = {1097--1101},
 numpages = {5},
 url = {http://doi.acm.org/10.1145/1125451.1125659},
 doi = {10.1145/1125451.1125659},
 acmid = {1125659},
 publisher = {ACM},
 address = {New York, NY, USA},
 keywords = {collaborative filtering, metrics, personalization, recommender systems},
} 


@inproceedings{Celma:2008,
 author = {Celma, \`{O}scar and Herrera, Perfecto},
 title = {A new approach to evaluating novel recommendations},
 booktitle = {Proceedings of the 2008 ACM conference on Recommender systems},
 series = {RecSys '08},
 year = {2008},
 isbn = {978-1-60558-093-7},
 location = {Lausanne, Switzerland},
 pages = {179--186},
 numpages = {8},
 url = {http://doi.acm.org/10.1145/1454008.1454038},
 doi = {10.1145/1454008.1454038},
 acmid = {1454038},
 publisher = {ACM},
 address = {New York, NY, USA},
 keywords = {complex network analysis, evaluation, long tail, novelty, popularity, recommender systems},
} 

@inproceedings{Nakatsuji:2010,
 author = {Nakatsuji, Makoto and Fujiwara, Yasuhiro and Tanaka, Akimichi and Uchiyama, Toshio and Fujimura, Ko and Ishida, Toru},
 title = {Classical music for rock fans?: novel recommendations for expanding user interests},
 booktitle = {Proceedings of the 19th ACM international conference on Information and knowledge management},
 series = {CIKM '10},
 year = {2010},
 isbn = {978-1-4503-0099-5},
 location = {Toronto, ON, Canada},
 pages = {949--958},
 numpages = {10},
 url = {http://doi.acm.org/10.1145/1871437.1871558},
 doi = {10.1145/1871437.1871558},
 acmid = {1871558},
 publisher = {ACM},
 address = {New York, NY, USA},
 keywords = {collaborative filtering, novelty detection},
} 

@inproceedings{vargas:2011,
 author = {Vargas, Sa\'{u}l and Castells, Pablo},
 title = {Rank and relevance in novelty and diversity metrics for recommender systems},
 booktitle = {Proceedings of the fifth ACM conference on Recommender systems},
 series = {RecSys '11},
 year = {2011},
 isbn = {978-1-4503-0683-6},
 location = {Chicago, Illinois, USA},
 pages = {109--116},
 numpages = {8},
 url = {http://doi.acm.org/10.1145/2043932.2043955},
 doi = {10.1145/2043932.2043955},
 acmid = {2043955},
 publisher = {ACM},
 address = {New York, NY, USA},
 keywords = {diversity, evaluation, metrics, novelty, recommender systems},
} 

@inproceedings{Onuma:2009,
 author = {Onuma, Kensuke and Tong, Hanghang and Faloutsos, Christos},
 title = {TANGENT: a novel, 'Surprise me', recommendation algorithm},
 booktitle = {Proceedings of the 15th ACM SIGKDD international conference on Knowledge discovery and data mining},
 series = {KDD '09},
 year = {2009},
 isbn = {978-1-60558-495-9},
 location = {Paris, France},
 pages = {657--666},
 numpages = {10},
 url = {http://doi.acm.org/10.1145/1557019.1557093},
 doi = {10.1145/1557019.1557093},
 acmid = {1557093},
 publisher = {ACM},
 address = {New York, NY, USA},
 keywords = {graph mining, node proximity, recommender system},
} 

@Misc{ourgridSite,
OPTtitle = {OurGrid Project},
OPThowpublished = {http://ourgrid.org},
}

@INPROCEEDINGS {Bogdanov:2011,
	title = {How much metadata do we need in music recommendation? A subjective evaluation using preference sets},
	booktitle = {International Society for Music Information Retrieval Conference (ISMIR)},
	year = {2011},
	author = {Bogdanov, D. and Herrera, P.}
}

@INPROCEEDINGS{pampalk:2006,
AUTHOR = "Elias Pampalk and Martin Gasser",
TITLE = "An Implementation of a Simple Playlist Generator Based on Audio Similarity Measures and User Feedback",
BOOKTITLE = "International Society for Music Information Retrieval Conference (ISMIR)",
PAGES = "389-390",
YEAR = "2006"}

@INPROCEEDINGS{ lamere:2009,
AUTHOR = "Fran√ßois Maillet and Douglas Eck and Guillaume Desjardins and Paul Lamere",
TITLE = "Steerable Playlist Generation by Learning Song Similarity from Radio Station Playlists",
BOOKTITLE = "International Society for Music Information Retrieval Conference (ISMIR)",
PAGES = "345-350",
YEAR = "2009"
}

@article {bogdanov:2011IEEE,
	title = "Unifying Low-level and High-level Music Similarity Measures",
	journal = "IEEE Transactions on Multimedia",
	volume = "13",
	year = "2011",
	month = "08/2011",
	pages = "687-701 ",
	issn = "1520-9210",
	author = "Bogdanov, D. and Serr{\`a}, J. and Wack, N. and Herrera, P. and Serra, X."
}

@inproceedings{Cano:2005,
 author = {Cano, Pedro and Koppenberger, Markus and Wack, Nicolas},
 title = {Content-based music audio recommendation},
 booktitle = {Proceedings of the 13th annual ACM international conference on Multimedia},
 series = {MULTIMEDIA '05},
 year = {2005},
 isbn = {1-59593-044-2},
 location = {Hilton, Singapore},
 pages = {211--212},
 numpages = {2},
 url = {http://doi.acm.org/10.1145/1101149.1101181},
 doi = {10.1145/1101149.1101181},
 acmid = {1101181},
 publisher = {ACM},
 address = {New York, NY, USA},
 keywords = {content-based audio retrieval, music content management, music information retrieval, music recommendation},
} 

@inproceedings{Aizenberg:2012,
 author = {Aizenberg, Natalie and Koren, Yehuda and Somekh, Oren},
 title = {Build your own music recommender by modeling internet radio streams},
 booktitle = {Proceedings of the 21st international conference on World Wide Web},
 year = "2012",
 pages = "1-10"
} 

@INPROCEEDINGS{ mcfee:2011,
AUTHOR = "Brian McFee and Gert R. G. Lanckriet",
TITLE = "The Natural Language of Playlists",
BOOKTITLE = "International Society for Music Information Retrieval Conference (ISMIR)",
PAGES = "537-542",
YEAR = "2011" 
}

@inproceedings{Goel:2010,
 author = {Goel, Sharad and Broder, Andrei and Gabrilovich, Evgeniy and Pang, Bo},
 title = {Anatomy of the long tail: ordinary people with extraordinary tastes},
 booktitle = {Proceedings of the third ACM international conference on Web search and data mining},
 series = {WSDM '10},
 year = {2010},
 isbn = {978-1-60558-889-6},
 location = {New York, New York, USA},
 pages = {201--210},
 numpages = {10},
 url = {http://doi.acm.org/10.1145/1718487.1718513},
 doi = {10.1145/1718487.1718513},
 acmid = {1718513},
 publisher = {ACM},
 address = {New York, NY, USA},
 keywords = {infinite inventory, long tail},
} 

@inbook{hargreaves:2002,
    author = {Hargreaves, David J. and Miell, Dorothy and Raymond},
    booktitle = {Musical Identities},
    citeulike-article-id = {8670543},
    citeulike-linkout-0 = {http://fds.oup.com/www.oup.com/pdf/13/9780198509325.pdf},
    editor = {Hargreaves, David J. and Miell, Dorothy and Raymond},
    posted-at = {2011-01-21 22:45:51},
    priority = {5},
    publisher = {Oxford University Press, USA},
    title = {WHAT ARE MUSICAL
IDENTITIES, AND WHY ARE
THEY IMPORTANT?},
    url = {http://fds.oup.com/www.oup.com/pdf/13/9780198509325.pdf},
    year = {2002}
}
@article{erik:2006,
    author = {Erik},
    citeulike-article-id = {11775853},
    citeulike-linkout-0 = {http://proquest.umi.com/pqdlink?did=1143181091\&\#38;Fmt=7\&\#38;clientId=49682\&\#38;RQT=309\&\#38;VName=PQD},
    journal = {MIT Sloan Management Review},
    keywords = {e-business, internet, marketing, strategy},
    number = {4},
    pages = {67+},
    posted-at = {2012-11-25 15:31:28},
    priority = {2},
    title = {From Niches to Riches: Anatomy of the Long Tail},
    url = {http://proquest.umi.com/pqdlink?did=1143181091\&\#38;Fmt=7\&\#38;clientId=49682\&\#38;RQT=309\&\#38;VName=PQD},
    volume = {47}
}

@book{Anderson:2006,
 author = {Anderson, Chris},
 title = {The Long Tail: Why the Future of Business Is Selling Less of More},
 year = {2006},
 isbn = {1401302378},
 publisher = {Hyperion},
} 


@article{fishbach,
author = "Fishbach and Ayelet and Rebecca K. Ratner and Ying Zhang",
journal = "Journal of Consumer Psychology",
number = "1",
pages = "38-48",
publisher = "The Institute of Mathematical Statistics",
title = "Inherently Loyal or Easily Bored? Nonconscious Activation of Consistency versus Variety-Seeking Behavior",
volume = "21",
year = "2011"
}

@ARTICLE{ward:2014,
title = {The same old song: The power of familiarity in music choice},
author = {Ward, Morgan and Goodman, Joseph and Irwin, Julie},
year = {2014},
journal = {Marketing Letters},
volume = {25},
number = {1},
pages = {1-11},
url = {http://EconPapers.repec.org/RePEc:kap:mktlet:v:25:y:2014:i:1:p:1-11}
}

@inproceedings{Bellogin:2010,
 author = {Bellog\'{\i}n, Alejandro and Cantador, Iv\'{a}n and Castells, Pablo},
 title = {A Study of Heterogeneity in Recommendations for a Social Music Service},
 booktitle = {Proceedings of the 1st International Workshop on Information Heterogeneity and Fusion in Recommender Systems},
 series = {HetRec '10},
 year = {2010},
 isbn = {978-1-4503-0407-8},
 location = {Barcelona, Spain},
 pages = {1--8},
 numpages = {8},
 url = {http://doi.acm.org/10.1145/1869446.1869447},
 doi = {10.1145/1869446.1869447},
 acmid = {1869447},
 publisher = {ACM},
 address = {New York, NY, USA},
 keywords = {collaborative tagging, folksonomy, implicit ratings, information heterogeneity, recommender systems, social contacts, web 2.0},
} 

@inproceedings{Munson:2010,
 author = {Munson, Sean A. and Resnick, Paul},
 title = {Presenting Diverse Political Opinions: How and How Much},
 booktitle = {Proceedings of the SIGCHI Conference on Human Factors in Computing Systems},
 series = {CHI '10},
 year = {2010},
 isbn = {978-1-60558-929-9},
 location = {Atlanta, Georgia, USA},
 pages = {1457--1466},
 numpages = {10},
 url = {http://doi.acm.org/10.1145/1753326.1753543},
 doi = {10.1145/1753326.1753543},
 acmid = {1753543},
 publisher = {ACM},
 address = {New York, NY, USA},
 keywords = {design, diversity, news, news aggregators, opinion, politics, preferences, presentation, selective exposure},
} 

@inproceedings{lamere:2008,
  author = {Lamere, Paul and Pampalk, Elias},
  booktitle = {ISMIR},
  crossref = {conf/ismir/2008},
  date = {2009-12-28},
  description = {dblp},
  editor = {Bello, Juan Pablo and Chew, Elaine and Turnbull, Douglas},
  interhash = {5408d0b8133199bbc32b55eaa3008109},
  intrahash = {ca5147bfcfe0d1917853b7b419afe70f},
  isbn = {978-0-615-24849-3},
  keywords = {dblp},
  pages = 24,
  timestamp = {2009-12-28T00:00:00.000+0100},
  title = {Social Tags and Music Information Retrieval.},
  url = {http://dblp.uni-trier.de/db/conf/ismir/ismir2008.html#LamereP08},
  year = 2008
}

@article{Ward63,
  added-at = {2009-05-21T11:41:36.000+0200},
  author = {Ward, Joe H.},
  biburl = {http://www.bibsonomy.org/bibtex/22d1e7fc2532d9b74204f09c3c797fd6f/ds9},
  citeulike-article-id = {1470845},
  description = {ESOM},
  interhash = {587707972b1b1ef88fcbfe316dfd2ec3},
  intrahash = {2d1e7fc2532d9b74204f09c3c797fd6f},
  journal = {Journal of the American Statistical Association},
  keywords = {classification clustering ward},
  number = 301,
  pages = {236--244},
  posted-at = {2008-03-02 22:15:21},
  priority = {0},
  timestamp = {2009-05-21T11:41:36.000+0200},
  title = {Hierarchical Grouping to Optimize an Objective Function},
  url = {http://www.jstor.org/stable/2282967},
  volume = 58,
  year = 1963
}


@article{Thorndike,
  author = {Thorndike, Robert},
    journal = {Psychometrika},
  pages = {267-276},
    title = {Who belongs in the family?},
  volume = 18,
  year = 1953
}


@MISC{itunes,
title = {Apple Unveils New iTunes},
year = {2012},
howpublished = {https://www.apple.com/pr/library/2012/09/12Apple-Unveils-New-iTunes.html}
}

@inproceedings{laplante,
  author = {Laplante, Audrey},
  pages = {341-346},
  publisher = {University of Miami},
  title = {Social Capital and Music Discovery: An Examination of the Ties through Which Late Adolescents Discover New Music.},
 	booktitle = {International Society for Music Information Retrieval Conference (ISMIR)},
  year = 2011
}

@article {konecni,
	title = "Social interaction and musical preference",
	journal = "The psychology of music",
	year = "1982",
	pages = "497-516",
	author = "Konecni, V. J."
}


@article{Hargreaves1999,
author = {Hargreaves, D. J. and North, a. C.},
journal = {Psychology of Music},
month = apr,
number = {1},
pages = {71--83},
title = {{The Functions of Music in Everyday Life: Redefining the Social in Music Psychology}},
volume = {27},
year = {1999}
}

@article{Arhippainen2011,
author = {Arhippainen, Leena and Hickey, Seamus},
ournal = {Proceedings of the 15th International Academic MindTrek Conference on Envisioning Future Media Environments - MindTrek '11},
pages = {191},
publisher = {ACM Press},
title = {{Classifying music user groups and identifying needs for mobile virtual music services}},
year = {2011}
}

@book{Jennings,
    author = {Jennings, David},
    publisher = {Nicholas Brealey Publishing},
    title = {{Net, Blogs and Rock 'n' Roll: How Digital Discovery Works and What it Means for Consumers}},
    year = {2007}
}

@book{CelmaBook:2010,
 author = {Celma, \`{O}scar},
 title = {Music Recommendation and Discovery: The Long Tail, Long Fail, and Long Play in the Digital Music Space},
 year = {2010},
 isbn = {3642132863, 9783642132865},
 edition = {1st},
 publisher = {Springer Publishing Company, Incorporated},
} 

@ARTICLE{ratner2002,
    author = {Rebecca K. Ratner and Barbara E. Kahn},
    title = {The Impact of Private versus Public Consumption on Variety-Seeking Behavior},
    journal = {Journal of Consumer Research},
    year = {2002},
    pages = {246--257}
}

@article{ratner1999,
    author = {Ratner, Rebecca K. and Kahn, Barbara E. and Kahneman, Daniel},
    journal = {Journal of Consumer Research},
    pages = {1--15},
    title = {{Choosing Less Preferred Experiences For the Sake of Variety}},
    volume = {26},
    year = {1999}
}

@article{jacoby,
    author = {Jacoby, J. and Kyner, D. B},
    journal = {Journal of Marketing Research},
    pages = {1--19},
    title = {{Brand loyalty vs. repeat purchasing behavior}},
    volume = {10},
    year = {1973}
}

@inproceedings{Celma:20082,
 author = {Celma, \`{O}scar and Cano, Pedro},
 title = {From Hits to Niches?: Or How Popular Artists Can Bias Music Recommendation and Discovery},
 booktitle = {Proceedings of the 2Nd KDD Workshop on Large-Scale Recommender Systems and the Netflix Prize Competition},
 series = {NETFLIX 2008},
 year = {2008},
 location = {Las Vegas, Nevada},
 pages = {5:1--5:8},
 umpages = {8},
  address = {New York, NY, USA}
[